@article{Hodson70,
  title={Cluster analysis and archaeology: some new developments and applications},
  author={Hodson, Frank Roy},
  journal={World Archaeology},
  volume={1},
  number={3},
  pages={299--320},
  year={1970},
  publisher={Taylor \& Francis}
}

@article{Muller08,
  title={Artefacts, skulls and written sources: the social ranking of a Celtic family buried at Münsingen-Rain},
  volume={82},
  DOI={10.1017/S0003598X00096940},
  number={316},
  journal={Antiquity},
  publisher={Cambridge University Press},
  author={Müller, Felix and Jud, Peter and Alt, Kurt W.},
  year={2008},
  pages={462–469},
}

@Manual{Carlson21,
  title = {archdata: Example Datasets from Archaeological Research},
  author = {David L. Carlson and Georg Roth},
  year = {2021},
  note = {R package version 1.2-1},
  url = {https://CRAN.R-project.org/package=archdata},
}
